<?xml version="1.0" encoding="UTF-8"?><collection xmlns="http://www.loc.gov/MARC21/slim"><record><leader>00373nam--2200109-i-4500</leader><controlfield tag="001">000042693</controlfield><controlfield tag="002">20161230</controlfield><controlfield tag="005">20161230201043</controlfield><controlfield tag="008">060222s1000------------r-----000-0-eng-d</controlfield><datafield ind1=" " ind2=" " tag="080"><subfield code="a">621.039.56</subfield></datafield><datafield ind1=" " ind2=" " tag="245"><subfield code="a">Station d`essais acec-mmn pour mecanismes de barres de controle. barres de controle et elements combustibles. description de l`installation. f.loc, acec, f.an</subfield></datafield><datafield ind1=" " ind2=" " tag="852"><subfield code="a">27109</subfield></datafield></record></collection>